@misc{GramCheck,
    HOWPUBLISHED = "\url{http://smlweb.cpsc.ucalgary.ca/}",
    AUTHOR = "University of Calgary",
    TITLE = "The Context Free Grammar Checker",
    NOTE = "Acessado em 2022-09-28"
}

@BOOK{Dragon:1,
AUTHOR="Alfred V. Aho",
TITLE="Compilers: Principles, Techniques, \& Tools",
PUBLISHER="Pearson",
YEAR="1986",
CHAPTER="Syntax Analysis"
}

@misc{CGram,
    HOWPUBLISHED = "\url{https://cs.wmich.edu/~gupta/teaching/cs4850/sumII06/The\%20syntax\%20of\%20C\%20in\%20Backus-Naur\%20form.htm}",
    AUTHOR = "Western Michigan University",
    TITLE = "The syntax of C in Backus-Naur Form",
    NOTE = "Acessado em 2022-09-28"
}